<record xmlns='http://www.loc.gov/MARC21/slim'><leader>01178cim a22003492u 4500</leader><controlfield tag='001'>3600511</controlfield><controlfield tag='005'>20151214182614.0</controlfield><controlfield tag='007'>ss|lmnjluz|nuu</controlfield><controlfield tag='008'>991101s1986    nyunnn         l    eng d</controlfield><datafield ind1=' ' ind2=' ' tag='035'><subfield code='a'>(NIC)notisASF7576</subfield></datafield><datafield ind1=' ' ind2=' ' tag='035'><subfield code='a'>3600511</subfield></datafield><datafield ind1=' ' ind2=' ' tag='035'><subfield code='a'>(OCoLC)63896167</subfield></datafield><datafield ind1=' ' ind2=' ' tag='040'><subfield code='a'>NIC</subfield><subfield code='c'>NIC</subfield><subfield code='d'>NIC</subfield><subfield code='d'>NIC</subfield></datafield><datafield ind1='1' ind2=' ' tag='100'><subfield code='a'>Said, Edward W.</subfield></datafield><datafield ind1='1' ind2='0' tag='245'><subfield code='a'>Culture and imperialism: consolidated vision</subfield><subfield code='h'>[sound recording]</subfield></datafield><datafield ind1=' ' ind2=' ' tag='260'><subfield code='c'>1986.</subfield></datafield><datafield ind1=' ' ind2=' ' tag='300'><subfield code='a'>1 sound cassette (90 min.) :</subfield><subfield code='b'>analog, mono.</subfield></datafield><datafield ind1=' ' ind2=' ' tag='500'><subfield code='a'>Recorded in Ithaca, NY by Cornell University.</subfield></datafield><datafield ind1=' ' ind2=' ' tag='518'><subfield code='a'>Lecture, February 7, 1986.</subfield></datafield><datafield ind1=' ' ind2=' ' tag='520'><subfield code='a'>Said describes the &quot;imperialist vision&quot; as it is manifested in culture, especialy in literature.</subfield></datafield><datafield ind1=' ' ind2=' ' tag='540'><subfield code='a'>No reproductions authorized.</subfield></datafield><datafield ind1=' ' ind2='0' tag='650'><subfield code='a'>Culture.</subfield></datafield><datafield ind1=' ' ind2='0' tag='650'><subfield code='a'>Imperialism.</subfield></datafield><datafield ind1=' ' ind2='0' tag='650'><subfield code='a'>British literature.</subfield></datafield><datafield ind1=' ' ind2='7' tag='650'><subfield code='a'>British literature</subfield><subfield code='2'>fast</subfield><subfield code='0'>(OCoLC)fst00839082</subfield></datafield><datafield ind1=' ' ind2='7' tag='650'><subfield code='a'>Culture</subfield><subfield code='2'>fast</subfield><subfield code='0'>(OCoLC)fst00885059</subfield></datafield><datafield ind1=' ' ind2='7' tag='650'><subfield code='a'>Imperialism</subfield><subfield code='2'>fast</subfield><subfield code='0'>(OCoLC)fst00968126</subfield></datafield><datafield ind1=' ' ind2='0' tag='830'><subfield code='a'>Culture and imperialism.</subfield></datafield><datafield ind1=' ' ind2='0' tag='830'><subfield code='a'>Messenger lectures.</subfield></datafield><datafield ind1='1' ind2=' ' tag='899'><subfield code='a'>CULectures</subfield></datafield><datafield ind1=' ' ind2=' ' tag='905'><subfield code='a'>20000320120000.0</subfield></datafield><datafield ind1='2' ind2=' ' tag='948'><subfield code='a'>20141221</subfield><subfield code='b'>m</subfield><subfield code='d'>batch</subfield><subfield code='e'>lts</subfield><subfield code='x'>addfast</subfield></datafield></record>